% This file was created with JabRef 2.8.1.
% Encoding: Cp1252

@ARTICLE{cividini,
  author = {A. Cividini, G. Maier, A. Nappi},
  title = {Parameter Estimation of a Static Geotechnical Model Using a Bayes'
	Approach},
  journal = {Int. J. Rock Mech. Min. Sci. and Geomech.},
  year = {1983},
  volume = {20},
  pages = {215-226},
  number = {5},
  date-added = {2015-02-10 17:16:54 +0000},
  date-modified = {2015-02-10 17:34:47 +0000}
}

@UNPUBLISHED{gavin,
  author = {Henri P. Gavin},
  title = {The Levenberg-Marquardt method for nonlinear least-squares curve-fitting
	problems},
  note = {Department of Civil and Environmental Engineering, Duke University},
  month = {October},
  year = {2013},
  date-added = {2015-02-10 17:12:53 +0000},
  date-modified = {2015-02-10 17:15:20 +0000}
}

@CONFERENCE{RedBreck,
  author = {David C. Redding and William G. Breckenridge},
  title = {Optical Modeling for Dynamics and Control Analysis},
  year = {1990},
  volume = {AIAA-90-3383-CP},
  organization = {C.S. Draper Laboratory, Inc.},
  publisher = {AIAA},
  owner = {Timothy Coon},
  timestamp = {2013.02.15}
}

@BOOK{simon,
  title = {Optimal State Estimation: Kalman, H [infinity], and Nonlinear Approaches},
  publisher = {Wiley-Interscience},
  year = {2006},
  author = {Dan Simon},
  address = {Hoboken, N.J.},
  date-added = {2015-02-10 17:04:38 +0000},
  date-modified = {2015-02-10 17:08:16 +0000}
}

@BOOK{xiu,
  title = {Numerical Methods for Stochastic Computations},
  publisher = {Princeton University Press},
  year = {2010},
  author = {Dongbin Xiu},
  address = {Princeton, N.J.},
  date-added = {2015-02-10 17:09:24 +0000},
  date-modified = {2015-02-10 17:11:00 +0000}
}

